<?xml version="1.0"?>
<marc:records xmlns:marc="http://www.loc.gov/MARC21/slim" xmlns:xsi="http://www.w3.org/2001/XMLSchema-instance" xsi:schemaLocation="http://www.loc.gov/MARC21/slim http://www.loc.gov/standards/marcxml/schema/MARC21slim.xsd">
  <marc:record>
    <marc:leader>04414nam a2200601Ia 4500</marc:leader>
    <marc:controlfield tag="001">9977796549903681</marc:controlfield>
    <marc:controlfield tag="005">20200902142437.0</marc:controlfield>
    <marc:controlfield tag="008">200902s1836    ua p          000 0 cop d</marc:controlfield>
    <marc:datafield ind1=" " ind2=" " tag="035">
  <marc:subfield code="a">(OCoLC)1192489375</marc:subfield>
</marc:datafield>
    <marc:datafield ind1=" " ind2=" " tag="035">
  <marc:subfield code="a">(OCoLC)on1192489375</marc:subfield>
</marc:datafield>
    <marc:datafield ind1=" " ind2=" " tag="040">
  <marc:subfield code="a">PAU</marc:subfield>
  <marc:subfield code="b">eng</marc:subfield>
  <marc:subfield code="c">PAU</marc:subfield>
  <marc:subfield code="e">amremm</marc:subfield>
</marc:datafield>
    <marc:datafield ind1="1" ind2=" " tag="041">
  <marc:subfield code="a">cop</marc:subfield>
  <marc:subfield code="a">ara</marc:subfield>
  <marc:subfield code="h">cop</marc:subfield>
</marc:datafield>
    <marc:datafield ind1=" " ind2="9" tag="099">
  <marc:subfield code="a">CAJS Rar Ms 194</marc:subfield>
</marc:datafield>
    <marc:datafield ind1="0" ind2="0" tag="245">
  <marc:subfield code="6">880-01</marc:subfield>
  <marc:subfield code="a">Kita&#x304;b Tarti&#x304;b Jum&#x2BB;at al-Bas&#x323;khah al-muqaddasah.</marc:subfield>
</marc:datafield>
    <marc:datafield ind1="3" ind2="0" tag="246">
  <marc:subfield code="6">880-02</marc:subfield>
  <marc:subfield code="a">Tarti&#x304;b Jum&#x2BB;at al-Bas&#x323;khah al-muqaddasah</marc:subfield>
</marc:datafield>
    <marc:datafield ind1=" " ind2=" " tag="260">
  <marc:subfield code="a">Egypt,</marc:subfield>
  <marc:subfield code="c">A.H. 1252 (1836)</marc:subfield>
</marc:datafield>
    <marc:datafield ind1=" " ind2=" " tag="300">
  <marc:subfield code="a">i, 141 leaves :</marc:subfield>
  <marc:subfield code="b">paper, illuminations ;</marc:subfield>
  <marc:subfield code="c">263 x 190 (215 x 150) mm bound to 262 x 195 mm.</marc:subfield>
</marc:datafield>
    <marc:datafield ind1=" " ind2=" " tag="500">
  <marc:subfield code="a">Titles from caption titles (f. 1r, 8r).</marc:subfield>
</marc:datafield>
    <marc:datafield ind1=" " ind2=" " tag="500">
  <marc:subfield code="a">Foliation: Modern foliation added in pencil, upper right recto; catchwords every verso, lower left.</marc:subfield>
</marc:datafield>
    <marc:datafield ind1=" " ind2=" " tag="500">
  <marc:subfield code="a">Layout: Chiefly written in 24 lines in two columns, a wider column (100 mm) for Coptic on the left and a narrower column (45 mm) on the right for Arabic; frame-ruled. Some pages are entirely in Arabic in long lines.</marc:subfield>
</marc:datafield>
    <marc:datafield ind1=" " ind2=" " tag="500">
  <marc:subfield code="a">Script: Written in Coptic with Arabic in naskh in black ink; pointed and partially vocalized.</marc:subfield>
</marc:datafield>
    <marc:datafield ind1=" " ind2=" " tag="500">
  <marc:subfield code="a">Decoration: Cross frontispiece in red and black (f. 1v); decorative letters in red and black with black marginal designs (f. 2r)</marc:subfield>
</marc:datafield>
    <marc:datafield ind1=" " ind2=" " tag="500">
  <marc:subfield code="a">Binding: Disbound from covers with quires still connected at three sewing stations; covers of brown leather over pasteboard with flap (Type II); stamped and painted doublures.</marc:subfield>
</marc:datafield>
    <marc:datafield ind1=" " ind2=" " tag="500">
  <marc:subfield code="a">Origin: Copy made by Rizq ibn Yu&#x304;suf al-Rashi&#x304;di&#x304;, brother of Ibra&#x304;hi&#x304;m al-Rashi&#x304;di&#x304; for whom this copy was made (f. 137r). Copy completed on the first Friday of Kiyahk in 1553 of the Holy Martyrs, Sha&#x2BB;ba&#x304;n 1252 A.H. (1836 CE) (f. 136v).</marc:subfield>
</marc:datafield>
    <marc:datafield ind1=" " ind2=" " tag="500">
  <marc:subfield code="a">"Praise to be said on feast of the Palms" copied after the colophon in a different hand (f. 137v-138r).</marc:subfield>
</marc:datafield>
    <marc:datafield ind1=" " ind2=" " tag="500">
  <marc:subfield code="a">Title also in Coptic.</marc:subfield>
</marc:datafield>
    <marc:datafield ind1=" " ind2=" " tag="520">
  <marc:subfield code="a">Copy of the Holy Pascha (Holy Week) homilies.</marc:subfield>
</marc:datafield>
    <marc:datafield ind1=" " ind2=" " tag="524">
  <marc:subfield code="a">CAJS Rar Ms 194</marc:subfield>
</marc:datafield>
    <marc:datafield ind1="1" ind2=" " tag="541">
  <marc:subfield code="a">Gift of Cyrus Adler to the library of the Dropsie College for Hebrew and Cognate Learning (note on library bookplate, inside front cover).</marc:subfield>
</marc:datafield>
    <marc:datafield ind1=" " ind2=" " tag="546">
  <marc:subfield code="a">Coptic and Arabic.</marc:subfield>
</marc:datafield>
    <marc:datafield ind1="1" ind2=" " tag="561">
  <marc:subfield code="a">Formerly owned Cyrus Adler (note on bookplate inside front cover).</marc:subfield>
</marc:datafield>
    <marc:datafield ind1="1" ind2=" " tag="561">
  <marc:subfield code="a">Formerly owned by the Dropsie College for Hebrew and Cognate Learning (library bookplate inside front cover).</marc:subfield>
</marc:datafield>
    <marc:datafield ind1="2" ind2="0" tag="610">
  <marc:subfield code="a">Coptic Church</marc:subfield>
  <marc:subfield code="x">Liturgy</marc:subfield>
  <marc:subfield code="v">Texts.</marc:subfield>
</marc:datafield>
    <marc:datafield ind1="2" ind2="0" tag="610">
  <marc:subfield code="a">Coptic Church</marc:subfield>
  <marc:subfield code="x">Sermons.</marc:subfield>
</marc:datafield>
    <marc:datafield ind1=" " ind2="0" tag="655">
  <marc:subfield code="a">Manuscripts, Arabic.</marc:subfield>
</marc:datafield>
    <marc:datafield ind1=" " ind2="0" tag="655">
  <marc:subfield code="a">Manuscripts, Coptic.</marc:subfield>
</marc:datafield>
    <marc:datafield ind1=" " ind2="0" tag="655">
  <marc:subfield code="a">Manuscripts, 19th century.</marc:subfield>
</marc:datafield>
    <marc:datafield ind1=" " ind2="7" tag="655">
  <marc:subfield code="a">Prayers.</marc:subfield>
  <marc:subfield code="2">aat</marc:subfield>
</marc:datafield>
    <marc:datafield ind1=" " ind2="7" tag="655">
  <marc:subfield code="a">Codices (bound manuscripts)</marc:subfield>
  <marc:subfield code="2">aat</marc:subfield>
</marc:datafield>
    <marc:datafield ind1=" " ind2="7" tag="655">
  <marc:subfield code="a">Illuminations (painting)</marc:subfield>
  <marc:subfield code="2">aat</marc:subfield>
</marc:datafield>
    <marc:datafield ind1=" " ind2="7" tag="655">
  <marc:subfield code="a">Annotations (Provenance)</marc:subfield>
  <marc:subfield code="2">rbprov</marc:subfield>
</marc:datafield>
    <marc:datafield ind1="1" ind2=" " tag="700">
  <marc:subfield code="6">880-03</marc:subfield>
  <marc:subfield code="a">Rashi&#x304;di&#x304;, Rizq ibn Yu&#x304;suf,</marc:subfield>
  <marc:subfield code="d">active 1836,</marc:subfield>
  <marc:subfield code="e">scribe.</marc:subfield>
</marc:datafield>
    <marc:datafield ind1="1" ind2=" " tag="700">
  <marc:subfield code="6">880-04</marc:subfield>
  <marc:subfield code="a">Rashi&#x304;di&#x304;, Ibra&#x304;hi&#x304;m ibn Yu&#x304;suf,</marc:subfield>
  <marc:subfield code="e">associated name,</marc:subfield>
  <marc:subfield code="e">former owner.</marc:subfield>
</marc:datafield>
    <marc:datafield ind1="1" ind2=" " tag="700">
  <marc:subfield code="a">Adler, Cyrus,</marc:subfield>
  <marc:subfield code="d">1863-1940,</marc:subfield>
  <marc:subfield code="e">former owner.</marc:subfield>
</marc:datafield>
    <marc:datafield ind1="2" ind2=" " tag="710">
  <marc:subfield code="a">Dropsie College for Hebrew and Cognate Learning,</marc:subfield>
  <marc:subfield code="e">former owner.</marc:subfield>
</marc:datafield>
    <marc:datafield ind1=" " ind2=" " tag="852">
  <marc:subfield code="b">Library at the Herbert D. Katz Center for Advanced Judaic Studies</marc:subfield>
  <marc:subfield code="a">University of Pennsylvania</marc:subfield>
  <marc:subfield code="e">420 Walnut Street, Philadelphia, Pennsylvania 19106-3703</marc:subfield>
  <marc:subfield code="j">CAJS Rar Ms 194</marc:subfield>
</marc:datafield>
    <marc:datafield ind1="4" ind2="1" tag="856">
  <marc:subfield code="z">Digital facsimile in OPenn</marc:subfield>
  <marc:subfield code="u">http://openn.library.upenn.edu/Data/0002/html/cajs_rarms194.html</marc:subfield>
</marc:datafield>
    <marc:datafield ind1="0" ind2="0" tag="880">
  <marc:subfield code="6">245-01//r</marc:subfield>
  <marc:subfield code="a">&#x643;&#x62A;&#x627;&#x628; &#x62A;&#x631;&#x62A;&#x64A;&#x628; &#x62C;&#x645;&#x639;&#x629; &#x627;&#x644;&#x628;&#x635;&#x62E;&#x629; &#x627;&#x644;&#x645;&#x642;&#x62F;&#x633;&#x629;.</marc:subfield>
</marc:datafield>
    <marc:datafield ind1="3" ind2="0" tag="880">
  <marc:subfield code="6">246-02//r</marc:subfield>
  <marc:subfield code="a">&#x62A;&#x631;&#x62A;&#x64A;&#x628; &#x62C;&#x645;&#x639;&#x629; &#x627;&#x644;&#x628;&#x635;&#x62E;&#x629; &#x627;&#x644;&#x645;&#x642;&#x62F;&#x633;&#x629;</marc:subfield>
</marc:datafield>
    <marc:datafield ind1="1" ind2=" " tag="880">
  <marc:subfield code="6">700-03//r</marc:subfield>
  <marc:subfield code="a">&#x631;&#x634;&#x64A;&#x62F;&#x64A;&#x60C; &#x631;&#x632;&#x642; &#x628;&#x646; &#x64A;&#x648;&#x633;&#x641;&#x60C;</marc:subfield>
  <marc:subfield code="d">active 1836,</marc:subfield>
  <marc:subfield code="e">scribe.</marc:subfield>
</marc:datafield>
    <marc:datafield ind1="1" ind2=" " tag="880">
  <marc:subfield code="6">700-04//r</marc:subfield>
  <marc:subfield code="a">&#x631;&#x634;&#x64A;&#x62F;&#x64A;&#x60C; &#x627;&#x628;&#x631;&#x627;&#x647;&#x64A;&#x645; &#x628;&#x646; &#x64A;&#x648;&#x633;&#x641;&#x60C;</marc:subfield>
  <marc:subfield code="e">associated name,</marc:subfield>
  <marc:subfield code="e">former owner.</marc:subfield>
</marc:datafield>
    <marc:datafield ind1=" " ind2=" " tag="948">
  <marc:subfield code="h">HELD BY PAU - 0 OTHER HOLDINGS</marc:subfield>
</marc:datafield>
    <marc:datafield ind1=" " ind2=" " tag="994">
  <marc:subfield code="a">Z0</marc:subfield>
  <marc:subfield code="b">PAU</marc:subfield>
</marc:datafield>
    <marc:holdings>
      <marc:holding>
        <marc:holding_id>22645596280003681</marc:holding_id>
        <marc:call_number>CAJS Rar Ms 194</marc:call_number>
        <marc:library>KatzLib</marc:library>
        <marc:location>cjsrarms</marc:location>
      </marc:holding>
    </marc:holdings>
  </marc:record>
</marc:records>
